 @article{Caballero_Gaudes_2011, title={Paradigm free mapping with sparse regression automatically detects single‐trial functional magnetic resonance imaging blood oxygenation level dependent responses}, volume={34}, ISSN={1097-0193}, url={http://dx.doi.org/10.1002/hbm.21452}, DOI={10.1002/hbm.21452}, number={3}, journal={Human Brain Mapping}, publisher={Wiley}, author={Caballero Gaudes, César and Petridou, Natalia and Francis, Susan T. and Dryden, Ian L. and Gowland, Penny A.}, year={2011}, month=nov, pages={501–518} }
