 @article{Uru_uela_2023, title={Hemodynamic Deconvolution Demystified: Sparsity-Driven Regularization at Work}, volume={3}, ISSN={2957-3963}, url={http://dx.doi.org/10.52294/001c.87574}, DOI={10.52294/001c.87574}, journal={Aperture Neuro}, publisher={Organization for Human Brain Mapping}, author={Uruñuela, Eneko and Bolton, Thomas A.W. and Van De Ville, Dimitri and Caballero-Gaudes, César}, year={2023}, month=aug }
