@misc{https://doi.org/10.5281/zenodo.6603447,
  doi = {10.5281/ZENODO.6603447},
  url = {https://zenodo.org/record/6603447},
  author = {Uru√±uela, Eneko},
  title = {eurunuela/splora: v0.0.1-alpha.1},
  publisher = {Zenodo},
  year = {2022},
  copyright = {Open Access}
}
