 @inproceedings{Urunuela_2021, title={A Low Rank and Sparse Paradigm Free Mapping Algorithm For Deconvolution of FMRI Data}, url={http://dx.doi.org/10.1109/ISBI48211.2021.9433821}, DOI={10.1109/isbi48211.2021.9433821}, booktitle={2021 IEEE 18th International Symposium on Biomedical Imaging (ISBI)}, publisher={IEEE}, author={Urunuela, Eneko and Moia, Stefano and Caballero-Gaudes, Cesar}, year={2021}, month=apr }
