 @article{Uru_uela_2024, title={Whole-brain multivariate hemodynamic deconvolution for functional MRI with stability selection}, volume={91}, ISSN={1361-8415}, url={http://dx.doi.org/10.1016/j.media.2023.103010}, DOI={10.1016/j.media.2023.103010}, journal={Medical Image Analysis}, publisher={Elsevier BV}, author={Uruñuela, Eneko and Gonzalez-Castillo, Javier and Zheng, Charles and Bandettini, Peter and Caballero-Gaudes, César}, year={2024}, month=jan, pages={103010} }
