@misc{https://doi.org/10.5281/zenodo.6600095,
  doi = {10.5281/ZENODO.6600095},
  url = {https://zenodo.org/record/6600095},
  author = {Uru√±uela, Eneko},
  keywords = {neuroimaging, fMRI, deconvolution},
  title = {eurunuela/pySPFM: v0.0.1-beta.17},
  publisher = {Zenodo},
  year = {2023},
  copyright = {GNU Lesser General Public License v2.1 only}
}
