 @article{Caballero_Gaudes_2019, title={A deconvolution algorithm for multi-echo functional MRI: Multi-echo Sparse Paradigm Free Mapping}, volume={202}, ISSN={1053-8119}, url={http://dx.doi.org/10.1016/j.neuroimage.2019.116081}, DOI={10.1016/j.neuroimage.2019.116081}, journal={NeuroImage}, publisher={Elsevier BV}, author={Caballero-Gaudes, CÃ©sar and Moia, Stefano and Panwar, Puja and Bandettini, Peter A. and Gonzalez-Castillo, Javier}, year={2019}, month=nov, pages={116081} }
