 @inproceedings{Urunuela_2020, title={Stability-Based Sparse Paradigm Free Mapping Algorithm for Deconvolution of Functional MRI Data}, url={http://dx.doi.org/10.1109/embc44109.2020.9176137}, DOI={10.1109/embc44109.2020.9176137}, booktitle={2020 42nd Annual International Conference of the IEEE Engineering in Medicine &amp; Biology Society (EMBC)}, publisher={IEEE}, author={Urunuela, Eneko and Jones, Stephen and Crawford, Anna and Shin, Wanyong and Oh, Sehong and Lowe, Mark and Caballero-Gaudes, Cesar}, year={2020}, month=jul }
